@article{epstein2002modeling,
	title={Modeling civil violence: An agent-based computational approach},
	author={Epstein, Joshua M},
	journal={Proceedings of the National Academy of Sciences},
	volume={99},
	number={suppl\_3},
	pages={7243--7250},
	year={2002},
	publisher={National Acad Sciences}
}


@article{tocqueville1856old,
	title={The old regime and the French revolution (trans: Gilbert S) Doubleday},
	author={Tocqueville, A},
	journal={Garden City},
	year={1856}
}

@article{bonnasse2018epidemiological,
	title={Epidemiological modelling of the 2005 French riots: a spreading wave and the role of contagion},
	author={Bonnasse-Gahot, Laurent and Berestycki, Henri and Depuiset, Marie-Aude and Gordon, Mirta B and Roch{\'e}, Sebastian and Rodriguez, Nancy and Nadal, Jean-Pierre},
	year={2018}
}